@phdthesis{joven2013characterization,
  title={Characterization and modeling of shear stress during manufacturing and thermal properties of structural composite materials},
  author={Joven, Ronald},
  year={2013},
  school={Wichita State University}
}

@book{donabedian2003spacecraft,
  title={Spacecraft thermal control handbook},
  author={Donabedian, Martin and Gilmore, David G},
  year={2003},
  publisher={Aerospace Press}
}

@book{ziegler2009srim,
  title={SRIM--The stopping and range of ions in matter (2008)},
  author={Ziegler, James F and Biersack, Jochen P and Ziegler, Matthias D},
  publisher={SRIM Co},
  year={2009}
}

@article{seltzer1986conversion,
  title={Conversion of depth-dose distributions from slab to spherical geometries for space-shielding applications},
  author={Seltzer, Stephen M},
  journal={IEEE Transactions on Nuclear Science},
  volume={33},
  number={6},
  pages={1292--1297},
  year={1986},
  publisher={IEEE}
}